@book{rudin1976,
    author    = {Rudin, Walter},
    title     = {Principles of Mathematical Analysis},
    year      = {1976},
    publisher = {McGraw-Hill},
    address   = {New York},
    edition   = {3},
    isbn      = {007054235X}
}

@article{lorenz1963,
    author  = {Lorenz, Edward N.},
    title   = {Deterministic Nonperiodic Flow},
    journal = {Journal of the Atmospheric Sciences},
    year    = {1963},
    volume  = {20},
    number  = {2},
    pages   = {130--141}
}

@phdthesis{tao2006,
    author      = {Tao, Terence},
    title       = {Nonlinear Evolution Equations},
    school      = {Princeton University},
    year        = {2006},
    type        = {Ph.D. Thesis},
    address     = {Princeton, New Jersey}
}